<?xml version="1.0" encoding="UTF-8"?><record xmlns="http://www.loc.gov/MARC21/slim" xmlns:cinclude="http://apache.org/cocoon/include/1.0" xmlns:zs="http://www.loc.gov/zing/srw/">
  <leader>00745cz  a2200133n  4500</leader>
  <controlfield tag="001">n  85811331 </controlfield>
  <controlfield tag="003">DLC</controlfield>
  <controlfield tag="005">20120804082302.0</controlfield>
  <controlfield tag="008">850719n| acannaab           |n and      </controlfield>
  <datafield tag="010" ind1=" " ind2=" ">
    <subfield code="a">n  85811331 </subfield>
  </datafield>
  <datafield tag="040" ind1=" " ind2=" ">
    <subfield code="a">DLC</subfield>
    <subfield code="b">eng</subfield>
    <subfield code="c">DLC</subfield>
    <subfield code="d">DLC</subfield>
  </datafield>
  <datafield tag="111" ind1="2" ind2=" ">
    <subfield code="a">Symposium on Project Design and Installation of Small Hydro Power Plants</subfield>
    <subfield code="d">(1981 :</subfield>
    <subfield code="c">Vienna, Austria)</subfield>
  </datafield>
  <datafield tag="667" ind1=" " ind2=" ">
    <subfield code="a">THIS 1XX FIELD CANNOT BE USED UNDER RDA UNTIL THIS RECORD HAS BEEN REVIEWED AND/OR UPDATED</subfield>
  </datafield>
  <datafield tag="670" ind1=" " ind2=" ">
    <subfield code="a">nuc85-41202: Its Symposium on Project Design and ... 1981?</subfield>
    <subfield code="b">(hdg. on DHU rept.: Symposium on Project Design and Installation of Small Hydro Power Plants (1981 : Vienna, Austria); usage: Symposium on Project Design and Installation of Small Hydro Power Plants, Vienna 29 June 1981-1 July 1981)</subfield>
  </datafield>
</record>